@INPROCEEDINGS{importantPlaces,
    @author = {Changqing Zhou and Nupur Bhatnagar and Shashi Shekhar and Loren Terveen},
    author = {Bhatnagar N, Shekhar S., Terveen L. and Zhou C.},
    title = {Mining Personally Important Places from GPS Tracks},
    booktitle = {Istanbul, Data Engineering Workshop, 2007 IEEE 23rd International Conference},
    year = {2007},
    howpublished = {\url{http://www-users.cs.umn.edu/~czhou/pub/place-important_v3.pdf}}    
}
@INPROCEEDINGS{clusteringApproach,
    @author = {Changqing Zhou and Dan Frankowski and Pamela Ludford and Shashi Shekhar and Loren Terveen},
    author = {Frankowski D., Ludford P. Shekhar S., Terveen L. and Zhou C.},
    title = {Discovering Personal Gazetteers: An Interactive Clustering Approach},
    booktitle = {In Proc. ACMGIS},
    year = {2004},
    pages = {266--273},
    publisher = {ACM Press}
}
@Book{weka,
    title = {Data Mining: Practical Machine Learning Tools and
      Techniques},
    @author = {Ian H. Witten and Eibe Frank},
    author = {Frank E. and Witten I.H.},
    year = {2005},
    edition = {2nd},
    publisher = {Morgan Kaufmann},
    address = {San Francisco},
  }
@Manual{r,
    title = {R: A Language and Environment for Statistical Computing},
    author = {{R Development Core Team}},
    organization = {R Foundation for Statistical Computing},
    address = {Vienna, Austria},
    year = {2008},
    @note = {{ISBN} 3-900051-07-0},
    howpublished = {http://www.R-project.org},
  }
@MISC{canopy,
    @author = {Andrew McCallum and Kamal Nigam and Lyle H. Ungar},
    author = {McCallum A., Nigam K. and Ungar L. H.},
    title = {Efficient Clustering of High-Dimensional Data Sets with Application to Reference Matching},
    year = {2000},
    @note = {\url{http://www.kamalnigam.com/papers/canopy-kdd00.pdf}}
}
@misc{dbscanPython,
  author = {Kafle S.},
  title = {Implementation of DBSCAN Algorithm in Python},
  year = {2014},
  publisher = {GitHub},
  journal = {GitHub repository},
  howpublished = {\\ \url{https://github.com/SushantKafle/DBSCAN}},
}
@misc{canopyGitHub,
  author = {Gabe},
  title = {Efficient python implementation of canopy clustering},
  year = {2014},
  publisher = {Gist},
  journal = {GitHub repository},
  howpublished = {\\ \url{https://gist.github.com/gdbassett/528d816d035f2deaaca1}},
}
